{
  "leader": "03927cam a2200505 a 4500",
  "fields": [
    {
      "001": "ocm52047504\\"
    },
    {
      "003": "OCoLC"
    },
    {
      "005": "20221220174220.0"
    },
    {
      "008": "030321s2004\\\\\\\\nyua\\\\\\\\\\b\\\\\\s001\\0beng\\\\"
    },
    {
      "010": {
        "ind1": "\\",
        "ind2": "\\",
        "subfields": [
          {
            "a": "  2003045655"
          }
        ]
      }
    },
    {
      "040": {
        "ind1": "\\",
        "ind2": "\\",
        "subfields": [
          {
            "a": "DLC"
          },
          {
            "b": "eng"
          },
          {
            "c": "DLC"
          },
          {
            "d": "YDX"
          },
          {
            "d": "YBM"
          },
          {
            "d": "BAKER"
          },
          {
            "d": "BTCTA"
          },
          {
            "d": "YDXCP"
          },
          {
            "d": "OCLCG"
          },
          {
            "d": "UBC"
          },
          {
            "d": "GEBAY"
          },
          {
            "d": "UKMGB"
          },
          {
            "d": "OCLCF"
          },
          {
            "d": "OCLCO"
          },
          {
            "d": "OCLCQ"
          },
          {
            "d": "GILDS"
          },
          {
            "d": "OCLCO"
          },
          {
            "d": "NAM"
          },
          {
            "d": "OCLCQ"
          },
          {
            "d": "OCLCO"
          },
          {
            "d": "OCLCQ"
          },
          {
            "d": "UMK"
          },
          {
            "d": "OCLCO"
          },
          {
            "d": "OCL"
          },
          {
            "d": "OCLCA"
          },
          {
            "d": "OCLCQ"
          },
          {
            "d": "OCLCO"
          }
        ]
      }
    },
    {
      "016": {
        "ind1": "7",
        "ind2": "\\",
        "subfields": [
          {
            "a": "007151136"
          },
          {
            "2": "Uk"
          }
        ]
      }
    },
    {
      "019": {
        "ind1": "\\",
        "ind2": "\\",
        "subfields": [
          {
            "a": "1049761970"
          },
          {
            "a": "1051607320"
          },
          {
            "a": "1053061878"
          },
          {
            "a": "1056273056"
          },
          {
            "a": "1060766798"
          },
          {
            "a": "1062042174"
          },
          {
            "a": "1066956422"
          },
          {
            "a": "1081051601"
          },
          {
            "a": "1083103192"
          },
          {
            "a": "1083396462"
          }
        ]
      }
    },
    {
      "020": {
        "ind1": "\\",
        "ind2": "\\",
        "subfields": [
          {
            "a": "079145973X"
          },
          {
            "q": "(acid-free paper)"
          }
        ]
      }
    },
    {
      "020": {
        "ind1": "\\",
        "ind2": "\\",
        "subfields": [
          {
            "a": "9780791459737"
          },
          {
            "q": "(acid-free paper)"
          }
        ]
      }
    },
    {
      "020": {
        "ind1": "\\",
        "ind2": "\\",
        "subfields": [
          {
            "a": "0791459748"
          },
          {
            "q": "(pbk. ;"
          },
          {
            "q": "acid-free paper)"
          }
        ]
      }
    },
    {
      "020": {
        "ind1": "\\",
        "ind2": "\\",
        "subfields": [
          {
            "a": "9780791459744"
          },
          {
            "q": "(pbk. ;"
          },
          {
            "q": "acid-free paper)"
          }
        ]
      }
    },
    {
      "035": {
        "ind1": "\\",
        "ind2": "\\",
        "subfields": [
          {
            "a": "(OCoLC)52047504"
          },
          {
            "z": "(OCoLC)1049761970"
          },
          {
            "z": "(OCoLC)1051607320"
          },
          {
            "z": "(OCoLC)1053061878"
          },
          {
            "z": "(OCoLC)1056273056"
          },
          {
            "z": "(OCoLC)1060766798"
          },
          {
            "z": "(OCoLC)1062042174"
          },
          {
            "z": "(OCoLC)1066956422"
          },
          {
            "z": "(OCoLC)1081051601"
          },
          {
            "z": "(OCoLC)1083103192"
          },
          {
            "z": "(OCoLC)1083396462"
          }
        ]
      }
    },
    {
      "043": {
        "ind1": "\\",
        "ind2": "\\",
        "subfields": [
          {
            "a": "n-us---"
          }
        ]
      }
    },
    {
      "050": {
        "ind1": "0",
        "ind2": "0",
        "subfields": [
          {
            "a": "E175.5.N48"
          },
          {
            "b": "F47 2004"
          }
        ]
      }
    },
    {
      "082": {
        "ind1": "0",
        "ind2": "4",
        "subfields": [
          {
            "a": "973.07202"
          },
          {
            "b": "FET"
          }
        ]
      }
    },
    {
      "100": {
        "ind1": "1",
        "ind2": "\\",
        "subfields": [
          {
            "a": "Fetner, Gerald L."
          }
        ]
      }
    },
    {
      "245": {
        "ind1": "1",
        "ind2": "0",
        "subfields": [
          {
            "a": "Immersed in great affairs :"
          },
          {
            "b": "Allan Nevins and the heroic age of American history /"
          },
          {
            "c": "Gerald L. Fetner."
          }
        ]
      }
    },
    {
      "260": {
        "ind1": "\\",
        "ind2": "\\",
        "subfields": [
          {
            "a": "Albany :"
          },
          {
            "b": "State University of New York Press,"
          },
          {
            "c": "\u00a92004."
          }
        ]
      }
    },
    {
      "300": {
        "ind1": "\\",
        "ind2": "\\",
        "subfields": [
          {
            "a": "xii, 243 pages :"
          },
          {
            "b": "illustrations ;"
          },
          {
            "c": "24 cm"
          }
        ]
      }
    },
    {
      "336": {
        "ind1": "\\",
        "ind2": "\\",
        "subfields": [
          {
            "a": "text"
          },
          {
            "b": "txt"
          },
          {
            "2": "rdacontent"
          }
        ]
      }
    },
    {
      "337": {
        "ind1": "\\",
        "ind2": "\\",
        "subfields": [
          {
            "a": "unmediated"
          },
          {
            "b": "n"
          },
          {
            "2": "rdamedia"
          }
        ]
      }
    },
    {
      "338": {
        "ind1": "\\",
        "ind2": "\\",
        "subfields": [
          {
            "a": "volume"
          },
          {
            "b": "nc"
          },
          {
            "2": "rdacarrier"
          }
        ]
      }
    },
    {
      "504": {
        "ind1": "\\",
        "ind2": "\\",
        "subfields": [
          {
            "a": "Includes bibliographical references (pages 215-234) and index."
          }
        ]
      }
    },
    {
      "505": {
        "ind1": "0",
        "ind2": "\\",
        "subfields": [
          {
            "a": "Color and light -- Progressive-era values and influences (1890-1917) -- Journalism in its \"higher walks\" (1913-31) -- Crossroads of American history (1913-27) -- Biography in the \"Victorian manner\" (1927-45) -- The temper of modern times (1929-39) -- Capitalism, power, and the historian (1934-40) -- America, \"projected into world leadership\" (1940-68) -- History, \"broader, deeper, and more mature\" (1946-71) -- A \"public enthusiasm for history.\""
          }
        ]
      }
    },
    {
      "520": {
        "ind1": "1",
        "ind2": "\\",
        "subfields": [
          {
            "a": "\"Immersed in Great Affairs is the first book-length biography of noted historian and journalist Allan Nevins. In a career that spanned nearly three-quarters of the twentieth century, Nevins won two Pulitzer Prizes, helped draft John F. Kennedy's acceptance speech at the 1960 Democratic National Convention, composed the monumental eight-volume history of the American Civil War, Ordeal of the Union, and associated with, among others, Adlai Stevenson, Walter Lippmann, Arthur Schlesinger Sr., Charles Scribner, Abraham Flexner, and John D. Rockefeller Jr. This book traces his beginnings as a journalist in the early 1900s with the New York Evening Post and the New York World through his years as a contributor to the New York Times Magazine. Nevins not only influenced thoughtful, general readers through his articles, editorials, and reviews, but also made a lasting impression on the writing of American history and nurtured a whole generation of young scholars as DeWitt Clinton Professor of History at Columbia University. A narrative historian in an age of growing reliance on social science concepts and theories, Nevins remains committed to telling a story and to using history to teach moral lessons.\"--Jacket."
          }
        ]
      }
    },
    {
      "600": {
        "ind1": "1",
        "ind2": "0",
        "subfields": [
          {
            "a": "Nevins, Allan,"
          },
          {
            "d": "1890-1971."
          }
        ]
      }
    },
    {
      "650": {
        "ind1": "\\",
        "ind2": "0",
        "subfields": [
          {
            "a": "Historians"
          },
          {
            "z": "United States"
          },
          {
            "v": "Biography."
          }
        ]
      }
    },
    {
      "651": {
        "ind1": "\\",
        "ind2": "0",
        "subfields": [
          {
            "a": "United States"
          },
          {
            "x": "Historiography."
          }
        ]
      }
    },
    {
      "650": {
        "ind1": "\\",
        "ind2": "0",
        "subfields": [
          {
            "a": "Journalists"
          },
          {
            "z": "United States"
          },
          {
            "v": "Biography."
          }
        ]
      }
    },
    {
      "600": {
        "ind1": "1",
        "ind2": "7",
        "subfields": [
          {
            "a": "Nevins, Allan,"
          },
          {
            "d": "1890-1971"
          },
          {
            "2": "fast"
          },
          {
            "0": "(OCoLC)fst00001150"
          }
        ]
      }
    },
    {
      "650": {
        "ind1": "\\",
        "ind2": "7",
        "subfields": [
          {
            "a": "Historians."
          },
          {
            "2": "fast"
          },
          {
            "0": "(OCoLC)fst00957686"
          }
        ]
      }
    },
    {
      "650": {
        "ind1": "\\",
        "ind2": "7",
        "subfields": [
          {
            "a": "Historiography."
          },
          {
            "2": "fast"
          },
          {
            "0": "(OCoLC)fst00958221"
          }
        ]
      }
    },
    {
      "650": {
        "ind1": "\\",
        "ind2": "7",
        "subfields": [
          {
            "a": "Journalists."
          },
          {
            "2": "fast"
          },
          {
            "0": "(OCoLC)fst00984188"
          }
        ]
      }
    },
    {
      "651": {
        "ind1": "\\",
        "ind2": "7",
        "subfields": [
          {
            "a": "United States."
          },
          {
            "2": "fast"
          },
          {
            "0": "(OCoLC)fst01204155"
          }
        ]
      }
    },
    {
      "655": {
        "ind1": "\\",
        "ind2": "7",
        "subfields": [
          {
            "a": "Biographies."
          },
          {
            "2": "fast"
          },
          {
            "0": "(OCoLC)fst01919896"
          }
        ]
      }
    },
    {
      "655": {
        "ind1": "\\",
        "ind2": "7",
        "subfields": [
          {
            "a": "Biographies."
          },
          {
            "2": "lcgft"
          }
        ]
      }
    },
    {
      "994": {
        "ind1": "\\",
        "ind2": "\\",
        "subfields": [
          {
            "a": "Z0"
          },
          {
            "b": "NYRVC"
          }
        ]
      }
    },
    {
      "948": {
        "ind1": "\\",
        "ind2": "\\",
        "subfields": [
          {
            "h": "NO HOLDINGS IN NYRVC - 263 OTHER HOLDINGS"
          }
        ]
      }
    },
    {
      "999": {
        "ind1": "\\",
        "ind2": "\\",
        "subfields": [
          {
            "a": "00000000010075"
          }
        ]
      }
    }
  ]
}